@article{kuhn2018spacing,
  title={A spacing account of negative recency in final free recall.},
  author={Kuhn, Joel R and Lohnas, Lynn J and Kahana, Michael J},
  journal={Journal of Experimental Psychology: Learning, Memory, and Cognition},
  volume={44},
  number={8},
  pages={1180},
  year={2018},
  publisher={American Psychological Association}
}

@article{lohnas2011contextual,
  title={Contextual variability in free recall},
  author={Lohnas, Lynn J and Polyn, Sean M and Kahana, Michael J},
  journal={Journal of memory and language},
  volume={64},
  number={3},
  pages={249--255},
  year={2011},
  publisher={Elsevier}
}

@article{siegel2014retrieved,
  title={A retrieved context account of spacing and repetition effects in free recall.},
  author={Siegel, Lynn L and Kahana, Michael J},
  journal={Journal of Experimental Psychology: Learning, Memory, and Cognition},
  volume={40},
  number={3},
  pages={755},
  year={2014},
  publisher={American Psychological Association}
}

@article{talmi2019retrieved,
  title={A retrieved context model of the emotional modulation of memory.},
  author={Talmi, Deborah and Lohnas, Lynn J and Daw, Nathaniel D},
  journal={Psychological Review},
  volume={126},
  number={4},
  pages={455},
  year={2019},
  publisher={American Psychological Association}
}

@article{lohnas2021neural,
  title={Neural temporal context reinstatement of event structure during memory recall},
  author={Lohnas, Lynn J and Healey, M Karl and Davachi, Lila},
  journal={bioRxiv},
  year={2021},
  publisher={Cold Spring Harbor Laboratory}
}

@incollection{karpicke2014retrieval,
  title={Retrieval-based learning: An episodic context account},
  author={Karpicke, Jeffrey D and Lehman, Melissa and Aue, William R},
  booktitle={Psychology of learning and motivation},
  volume={61},
  pages={237--284},
  year={2014},
  publisher={Elsevier}
}

@article{smolen2016right,
  title={The right time to learn: mechanisms and optimization of spaced learning},
  author={Smolen, Paul and Zhang, Yili and Byrne, John H},
  journal={Nature Reviews Neuroscience},
  volume={17},
  number={2},
  pages={77--88},
  year={2016},
  publisher={Nature Publishing Group}
}

@article{rawson2015does,
  title={Does the benefit of testing depend on lag, and if so, why? Evaluating the elaborative retrieval hypothesis},
  author={Rawson, Katherine A and Vaughn, Kalif E and Carpenter, Shana K},
  journal={Memory \& cognition},
  volume={43},
  number={4},
  pages={619--633},
  year={2015},
  publisher={Springer}
}

@incollection{jones2017context,
  title={Context as an organizing principle of the lexicon},
  author={Jones, Michael N and Dye, Melody and Johns, Brendan T},
  booktitle={Psychology of learning and motivation},
  volume={67},
  pages={239--283},
  year={2017},
  publisher={Elsevier}
}

@article{maddox2016understanding,
  title={Understanding the underlying mechanism of the spacing effect in verbal learning: A case for encoding variability and study-phase retrieval},
  author={Maddox, Geoffrey B},
  journal={Journal of Cognitive Psychology},
  volume={28},
  number={6},
  pages={684--706},
  year={2016},
  publisher={Taylor \& Francis}
}

@article{weinstein2016placement,
  title={On the placement of practice questions during study.},
  author={Weinstein, Yana and Nunes, Ludmila D and Karpicke, Jeffrey D},
  journal={Journal of Experimental Psychology: Applied},
  volume={22},
  number={1},
  pages={72},
  year={2016},
  publisher={American Psychological Association}
}

@article{gershman2017predicting,
  title={Predicting the past, remembering the future},
  author={Gershman, Samuel J},
  journal={Current opinion in behavioral sciences},
  volume={17},
  pages={7--13},
  year={2017},
  publisher={Elsevier}
}

@article{zawadzka2018remind,
  title={Remind me of the context: Memory and metacognition at restudy},
  author={Zawadzka, Katarzyna and Simkiss, Nicola and Hanczakowski, Maciej},
  journal={Journal of Memory and Language},
  volume={101},
  pages={1--17},
  year={2018},
  publisher={Elsevier}
}

@article{kahana2017memory,
  title={Memory search},
  author={Kahana, Michael J},
  journal={Learning and memory: A comprehensive reference,},
  pages={181--200},
  year={2017}
}

@article{bogaerts2022there,
  title={Is there such a thing as a ‘good statistical learner’?},
  author={Bogaerts, Louisa and Siegelman, Noam and Christiansen, Morten H and Frost, Ram},
  journal={Trends in cognitive sciences},
  volume={26},
  number={1},
  pages={25--37},
  year={2022},
  publisher={Elsevier Current Trends}
}

@phdthesis{ensor2019version,
  title={Version 3 of the retrieving effectively from memory model: extensions and limitations},
  author={Ensor, Tyler M},
  year={2019},
  school={Memorial University of Newfoundland}
}

@phdthesis{hong2021examining,
  title={Examining the Episodic Context Account of the Testing Effect: Does episodic recall enhance memory for context?},
  author={Hong, Clair Min Kyung},
  year={2021},
  school={Vanderbilt University}
}

@phdthesis{hernandez2020role,
  title={The Role of Context Reinstatement and Updating in Retrieval Practice},
  author={Hernandez Cortes, Alan},
  year={2020}
}

@article{hennings2022neural,
  title={Neural reinstatement reveals divided organization of fear and extinction memories in the human brain},
  author={Hennings, Augustin C and McClay, Mason and Drew, Michael R and Lewis-Peacock, Jarrod A and Dunsmoor, Joseph E},
  journal={Current Biology},
  volume={32},
  number={2},
  pages={304--314},
  year={2022},
  publisher={Cell Press}
}

@article{howard2002does,
  title={When does semantic similarity help episodic retrieval?},
  author={Howard, Marc W and Kahana, Michael J},
  journal={Journal of Memory and Language},
  volume={46},
  number={1},
  pages={85--98},
  year={2002},
  publisher={Elsevier}
}

@article{yoo2021neurons,
  title={Neurons in the human medial temporal lobe track multiple temporal contexts during episodic memory processing},
  author={Yoo, Hye Bin and Umbach, Gray and Lega, Bradley},
  journal={NeuroImage},
  volume={245},
  pages={118689},
  year={2021},
  publisher={Academic Press}
}

@article{bein2021mnemonic,
  title={Mnemonic prediction errors promote detailed memories},
  author={Bein, Oded and Plotkin, Natalie A and Davachi, Lila},
  journal={Learning \& Memory},
  volume={28},
  number={11},
  pages={422--434},
  year={2021},
  publisher={Cold Spring Harbor Lab}
}

@mastersthesis{enk2017developing,
  title={Developing a tool for learning concept maps},
  author={Enk, MC},
  type={{B.S.} thesis},
  year={2017},
  school={University of Twente}
}

@article{lerner2019sleep,
  title={Sleep and the extraction of hidden regularities: a systematic review and the importance of temporal rules},
  author={Lerner, Itamar and Gluck, Mark A},
  journal={Sleep medicine reviews},
  volume={47},
  pages={39--50},
  year={2019},
  publisher={Elsevier}
}

@article{ellenbogen2007human,
  title={Human relational memory requires time and sleep},
  author={Ellenbogen, Jeffrey M and Hu, Peter T and Payne, Jessica D and Titone, Debra and Walker, Matthew P},
  journal={Proceedings of the National Academy of Sciences},
  volume={104},
  number={18},
  pages={7723--7728},
  year={2007},
  publisher={National Acad Sciences}
}

@article{cousins2014cued,
  title={Cued memory reactivation during slow-wave sleep promotes explicit knowledge of a motor sequence},
  author={Cousins, James N and El-Deredy, Wael and Parkes, Laura M and Hennies, Nora and Lewis, Penelope A},
  journal={Journal of neuroscience},
  volume={34},
  number={48},
  pages={15870--15876},
  year={2014},
  publisher={Society for Neuroscience}
}

@article{ellenbogen2009sleeping,
  title={The sleeping brain's influence on verbal memory: boosting resistance to interference},
  author={Ellenbogen, Jeffrey M and Hulbert, Justin C and Jiang, Ying and Stickgold, Robert},
  journal={PLoS One},
  volume={4},
  number={1},
  pages={e4117},
  year={2009},
  publisher={Public Library of Science San Francisco, USA}
}

@article{kumaran2012generalization,
  title={Generalization through the recurrent interaction of episodic memories: a model of the hippocampal system.},
  author={Kumaran, Dharshan and McClelland, James L},
  journal={Psychological review},
  volume={119},
  number={3},
  pages={573},
  year={2012},
  publisher={American Psychological Association}
}

@article{frank2017word,
  title={Word predictability and semantic similarity show distinct patterns of brain activity during language comprehension},
  author={Frank, Stefan L and Willems, Roel M},
  journal={Language, Cognition and Neuroscience},
  volume={32},
  number={9},
  pages={1192--1203},
  year={2017},
  publisher={Taylor \& Francis}
}

@article{franconeri2021science,
  title={The science of visual data communication: What works},
  author={Franconeri, Steven L and Padilla, Lace M and Shah, Priti and Zacks, Jeffrey M and Hullman, Jessica},
  journal={Psychological Science in the Public Interest},
  volume={22},
  number={3},
  pages={110--161},
  year={2021},
  publisher={SAGE Publications Sage CA: Los Angeles, CA}
}

@article{healey2019contiguity,
  title={Contiguity in episodic memory},
  author={Healey, M Karl and Long, Nicole M and Kahana, Michael J},
  journal={Psychonomic bulletin \& review},
  volume={26},
  number={3},
  pages={699--720},
  year={2019},
  publisher={Springer}
}

@article{healey2018temporal,
  title={Temporal contiguity in incidentally encoded memories},
  author={Healey, M Karl},
  journal={Journal of Memory and Language},
  volume={102},
  pages={28--40},
  year={2018},
  publisher={Elsevier}
}

@article{polyn2009context,
  title={A context maintenance and retrieval model of organizational processes in free recall.},
  author={Polyn, Sean M and Norman, Kenneth A and Kahana, Michael J},
  journal={Psychological review},
  volume={116},
  number={1},
  pages={129},
  year={2009},
  publisher={American Psychological Association}
}

@article{polyn2009task,
  title={Task context and organization in free recall},
  author={Polyn, Sean M and Norman, Kenneth A and Kahana, Michael J},
  journal={Neuropsychologia},
  volume={47},
  number={11},
  pages={2158--2163},
  year={2009},
  publisher={Elsevier}
}

@article{sederberg2011human,
  title={Human memory reconsolidation can be explained using the temporal context model},
  author={Sederberg, Per B and Gershman, Samuel J and Polyn, Sean M and Norman, Kenneth A},
  journal={Psychonomic bulletin \& review},
  volume={18},
  number={3},
  pages={455--468},
  year={2011},
  publisher={Springer-Verlag}
}

@article{lohnas2015expanding,
  title={Expanding the scope of memory search: Modeling intralist and interlist effects in free recall.},
  author={Lohnas, Lynn J and Polyn, Sean M and Kahana, Michael J},
  journal={Psychological review},
  volume={122},
  number={2},
  pages={337},
  year={2015},
  publisher={American Psychological Association}
}

@article{kragel2015neural,
  title={Neural activity in the medial temporal lobe reveals the fidelity of mental time travel},
  author={Kragel, James E and Morton, Neal W and Polyn, Sean M},
  journal={Journal of Neuroscience},
  volume={35},
  number={7},
  pages={2914--2926},
  year={2015},
  publisher={Soc Neuroscience}
}

@article{miller2013spatial,
  title={Spatial clustering during memory search.},
  author={Miller, Jonathan F and Lazarus, Eben M and Polyn, Sean M and Kahana, Michael J},
  journal={Journal of Experimental Psychology: Learning, Memory, and Cognition},
  volume={39},
  number={3},
  pages={773},
  year={2013},
  publisher={American Psychological Association}
}

@article{johnson2009recollection,
  title={Recollection, familiarity, and cortical reinstatement: a multivoxel pattern analysis},
  author={Johnson, Jeffrey D and McDuff, Susan GR and Rugg, Michael D and Norman, Kenneth A},
  journal={Neuron},
  volume={63},
  number={5},
  pages={697--708},
  year={2009},
  publisher={Elsevier}
}

@article{jiang2021predictive,
  title={Predictive Coding Theories of Cortical Function},
  author={Jiang, Linxing Preston and Rao, Rajesh PN},
  journal={arXiv preprint arXiv:2112.10048},
  year={2021}
}

@article{hartley2021interactive,
  title={Interactive Development of Adaptive Learning and Memory},
  author={Hartley, Catherine A and Nussenbaum, Kate and Cohen, Alexandra O},
  journal={Annual Review of Developmental Psychology},
  volume={3},
  pages={59--85},
  year={2021},
  publisher={Annual Reviews}
}

@article{banino2016retrieval,
  title={Retrieval-based model accounts for striking profile of episodic memory and generalization},
  author={Banino, Andrea and Koster, Raphael and Hassabis, Demis and Kumaran, Dharshan},
  journal={Scientific Reports},
  volume={6},
  number={1},
  pages={1--15},
  year={2016},
  publisher={Nature Publishing Group}
}

@article{newbury2019does,
  title={When does sleep affect veridical and false memory consolidation? A meta-analysis},
  author={Newbury, Chloe Rhianne and Monaghan, Padraic},
  journal={Psychonomic Bulletin \& Review},
  volume={26},
  number={2},
  pages={387--400},
  year={2019},
  publisher={Springer US}
}

@article{delaney2010spacing,
  title={Spacing and testing effects: A deeply critical, lengthy, and at times discursive review of the literature},
  author={Delaney, Peter F and Verkoeijen, Peter PJL and Spirgel, Arie},
  journal={Psychology of learning and motivation},
  volume={53},
  pages={63--147},
  year={2010},
  publisher={Elsevier}
}

@article{bezanson2017julia,
  title={Julia: A fresh approach to numerical computing},
  author={Bezanson, Jeff and Edelman, Alan and Karpinski, Stefan and Shah, Viral B},
  journal={SIAM review},
  volume={59},
  number={1},
  pages={65--98},
  year={2017},
  publisher={SIAM}
}

@article{healey2014memory,
  title={Is memory search governed by universal principles or idiosyncratic strategies?},
  author={Healey, M Karl and Kahana, Michael J},
  journal={Journal of Experimental Psychology: General},
  volume={143},
  number={2},
  pages={575},
  year={2014},
  publisher={American Psychological Association}
}

@article{popov2021intent,
  title={Intent Matters: Resolving the Intentional vs Incidental Learning Paradox in Episodic Long-term Memory},
  author={Popov, Vencislav and Dames, Hannah},
  year={2021},
  publisher={PsyArXiv}
}

@article{miller2012recall,
  title={Recall termination in free recall},
  author={Miller, Jonathan F and Weidemann, Christoph T and Kahana, Michael J},
  journal={Memory \& cognition},
  volume={40},
  number={4},
  pages={540--550},
  year={2012},
  publisher={Springer}
}

@article{van1999landscape,
  title={The landscape model of reading: Inferences and the online construction of a memory representation},
  author={Van den Broek, Paul and Young, Michael and Tzeng, Yuhtsuen and Linderholm, Tracy and others},
  journal={The construction of mental representations during reading},
  pages={71--98},
  year={1999}
}

@article{yeari2016computational,
  title={A computational modeling of semantic knowledge in reading comprehension: Integrating the landscape model with latent semantic analysis},
  author={Yeari, Menahem and van den Broek, Paul},
  journal={Behavior research methods},
  volume={48},
  number={3},
  pages={880--896},
  year={2016},
  publisher={Springer}
}

@inproceedings{prud2011extraction,
  title={Extraction of narrative recall patterns for neuropsychological assessment},
  author={Prud'hommeaux, Emily T and Roark, Brian},
  booktitle={Twelfth Annual Conference of the International Speech Communication Association},
  year={2011}
}

@article{shen2021machine,
  title={Machine-learning as a validated tool to characterize individual differences in free recall of naturalistic events.},
  author={Shen, Xinxu and Houser, Troy and Smith, David Victor and Murty, Vishnu P},
  year={2021},
  publisher={PsyArXiv}
}

@article{carr1990semantic,
  title={Semantic priming and repetition priming from masked words: evidence for a center-surround attentional mechanism in perceptual recognition.},
  author={Carr, Thomas H and Dagenbach, Dale},
  journal={Journal of Experimental Psychology: Learning, Memory, and Cognition},
  volume={16},
  number={2},
  pages={341},
  year={1990},
  publisher={American Psychological Association}
}

@article{kahana2005spacing,
  title={Spacing and lag effects in free recall of pure lists},
  author={Kahana, Michael J and Howard, Marc W},
  journal={Psychonomic Bulletin \& Review},
  volume={12},
  number={1},
  pages={159--164},
  year={2005},
  publisher={Springer}
}

@article{tulvig1972inhibition,
  title={Inhibition effects of intralist repetition in free recall.},
  author={Tulvig, Endel and Hastie, Reid},
  journal={Journal of Experimental Psychology},
  volume={92},
  number={3},
  pages={297},
  year={1972},
  publisher={American Psychological Association}
}

@article{xue2011spaced,
  title={Spaced learning enhances subsequent recognition memory by reducing neural repetition suppression},
  author={Xue, Gui and Mei, Leilei and Chen, Chuansheng and Lu, Zhong-Lin and Poldrack, Russell and Dong, Qi},
  journal={Journal of cognitive neuroscience},
  volume={23},
  number={7},
  pages={1624--1633},
  year={2011},
  publisher={MIT Press One Rogers Street, Cambridge, MA 02142-1209, USA journals-info~…}
}

@article{hess1995effects,
  title={Effects of global and local context on lexical processing during language comprehension.},
  author={Hess, David J and Foss, Donald J and Carroll, Patrick},
  journal={Journal of Experimental Psychology: General},
  volume={124},
  number={1},
  pages={62},
  year={1995},
  publisher={American Psychological Association}
}

@article{verkoeijen2004detrimental,
  title={Detrimental influence of contextual change on spacing effects in free recall.},
  author={Verkoeijen, Peter PJL and Rikers, Remy MJP and Schmidt, Henk G},
  journal={Journal of Experimental Psychology: Learning, Memory, and Cognition},
  volume={30},
  number={4},
  pages={796},
  year={2004},
  publisher={American Psychological Association}
}

@book{jones2017big,
  title={Big data in cognitive science},
  author={Jones, Michael N},
  year={2017},
  publisher={Routledge New York, NY, USA:}
}

@book{anderson1995introduction,
  title={An introduction to neural networks},
  author={Anderson, James A},
  year={1995},
  publisher={MIT press}
}

@article{anderson1972recognition,
  title={Recognition and retrieval processes in free recall.},
  author={Anderson, John R and Bower, Gordon H},
  journal={Psychological review},
  volume={79},
  number={2},
  pages={97},
  year={1972},
  publisher={American Psychological Association}
}

@article{mcnamara1996good,
  title={Are good texts always better? Interactions of text coherence, background knowledge, and levels of understanding in learning from text},
  author={McNamara, Danielle S and Kintsch, Eileen and Songer, Nancy Butler and Kintsch, Walter},
  journal={Cognition and instruction},
  volume={14},
  number={1},
  pages={1--43},
  year={1996},
  publisher={Taylor \& Francis}
}

@techreport{anderson1986psychological,
  title={Psychological Concepts in a Parallel System.},
  author={Anderson, James A and Murphy, Gregory L},
  year={1986},
  institution={BROWN UNIV PROVIDENCE RI CENTER FOR NEURAL SCIENCE}
}

@article{lutz1997fate,
  title={The fate of completed goal information in narrative comprehension},
  author={Lutz, Mark F and Radvansky, Gabriel A},
  journal={Journal of Memory and Language},
  volume={36},
  number={2},
  pages={293--310},
  year={1997},
  publisher={Elsevier}
}

@article{hebb1949organization,
  title={Organization of behavior. new york: Wiley},
  author={Hebb, DO},
  journal={J. Clin. Psychol},
  volume={6},
  number={3},
  pages={335--307},
  year={1949}
}

@article{mcnamara2009toward,
  title={Toward a comprehensive model of comprehension},
  author={McNamara, Danielle S and Magliano, Joe},
  journal={Psychology of learning and motivation},
  volume={51},
  pages={297--384},
  year={2009},
  publisher={Elsevier}
}

@article{mandler1977remembrance,
  title={Remembrance of things parsed: Story structure and recall},
  author={Mandler, Jean M and Johnson, Nancy S},
  journal={Cognitive psychology},
  volume={9},
  number={1},
  pages={111--151},
  year={1977},
  publisher={Elsevier}
}

@article{lehman2013buffer,
  title={A buffer model of memory encoding and temporal correlations in retrieval.},
  author={Lehman, Melissa and Malmberg, Kenneth J},
  journal={Psychological Review},
  volume={120},
  number={1},
  pages={155},
  year={2013},
  publisher={American Psychological Association}
}

@article{morrow1989updating,
  title={Updating situation models during narrative comprehension},
  author={Morrow, Daniel G and Bower, Gordon H and Greenspan, Steven L},
  journal={Journal of memory and language},
  volume={28},
  number={3},
  pages={292--312},
  year={1989},
  publisher={Elsevier}
}

@misc{yee2019abstraction,
  title={Abstraction and concepts: when, how, where, what and why?},
  author={Yee, Eiling},
  journal={Language, Cognition and Neuroscience},
  volume={34},
  number={10},
  pages={1257--1265},
  year={2019},
  publisher={Taylor \& Francis}
}

@article{storn1997differential,
  title={Differential evolution--a simple and efficient heuristic for global optimization over continuous spaces},
  author={Storn, Rainer and Price, Kenneth},
  journal={Journal of global optimization},
  volume={11},
  number={4},
  pages={341--359},
  year={1997},
  publisher={Springer}
}

@article{steyvers2005word,
  title={Word Association Spaces for Predicting Semantic Similarity Effects in Episodic Memory.},
  author={Steyvers, Mark and Shiffrin, Richard M and Nelson, Douglas L},
  year={2005},
  publisher={American Psychological Association}
}

@article{friendly1982toronto,
  title={The Toronto Word Pool: Norms for imagery, concreteness, orthographic variables, and grammatical usage for 1,080 words},
  author={Friendly, Michael and Franklin, Patricia E and Hoffman, David and Rubin, David C},
  journal={Behavior Research Methods \& Instrumentation},
  volume={14},
  number={4},
  pages={375--399},
  year={1982},
  publisher={Springer}
}

@article{murdock1970interresponse,
  title={Interresponse times in single-trial free recall.},
  author={Murdock, Bennet B and Okada, Ronald},
  journal={Journal of Experimental Psychology},
  volume={86},
  number={2},
  pages={263},
  year={1970},
  publisher={American Psychological Association}
}

@article{kahana2020computational,
  title={Computational models of memory search},
  author={Kahana, Michael J},
  journal={Annual Review of Psychology},
  volume={71},
  pages={107},
  year={2020},
  publisher={NIH Public Access}
}

@book{puff1979memory,
  title={Memory organization and structure},
  author={Puff, C Richard},
  year={1979},
  publisher={Academic Press}
}

@article{postman1971organization,
  title={Organization and interference.},
  author={Postman, Leo},
  journal={Psychological Review},
  volume={78},
  number={4},
  pages={290},
  year={1971},
  publisher={American Psychological Association}
}

@article{golomb2008effects,
  title={Effects of adult aging on utilization of temporal and semantic associations during free and serial recall},
  author={Golomb, Julie D and Peelle, Jonathan E and Addis, Kelly M and Kahana, Michael J and Wingfield, Arthur},
  journal={Memory \& Cognition},
  volume={36},
  number={5},
  pages={947--956},
  year={2008},
  publisher={Springer}
}

@article{howard2002distributed,
  title={A distributed representation of temporal context},
  author={Howard, Marc W and Kahana, Michael J},
  journal={Journal of mathematical psychology},
  volume={46},
  number={3},
  pages={269--299},
  year={2002},
  publisher={Elsevier}
}

@article{hintzman1984minerva,
  title={MINERVA 2: A simulation model of human memory},
  author={Hintzman, Douglas L},
  journal={Behavior Research Methods, Instruments, \& Computers},
  volume={16},
  number={2},
  pages={96--101},
  year={1984},
  publisher={Springer}
}

@article{kahana1996associative,
  title={Associative retrieval processes in free recall},
  author={Kahana, Michael J},
  journal={Memory \& cognition},
  volume={24},
  number={1},
  pages={103--109},
  year={1996},
  publisher={Springer}
}

@article{stanton2002comparisons,
  title={Comparisons between exemplar similarity and mixed prototype models using a linearly separable category structure},
  author={Stanton, Roger D and Nosofsky, Robert M and Zaki, Safa R},
  journal={Memory \& Cognition},
  volume={30},
  number={6},
  pages={934--944},
  year={2002},
  publisher={Springer}
}

@article{nosofsky2002exemplar,
  title={Exemplar and prototype models revisited: response strategies, selective attention, and stimulus generalization.},
  author={Nosofsky, Robert M and Zaki, Safa R},
  journal={Journal of Experimental Psychology: Learning, Memory, and Cognition},
  volume={28},
  number={5},
  pages={924},
  year={2002},
  publisher={American Psychological Association}
}

@article{dumais2004latent,
  title={Latent semantic analysis},
  author={Dumais, Susan T},
  journal={Annual Review of Information Science and Technology (ARIST)},
  volume={38},
  pages={189--230},
  year={2004}
}

@article{church2017word2vec,
  title={Word2Vec},
  author={Church, Kenneth Ward},
  journal={Natural Language Engineering},
  volume={23},
  number={1},
  pages={155--162},
  year={2017},
  publisher={Cambridge University Press}
}

@article{myers1998accessing,
  title={Accessing the discourse representation during reading},
  author={Myers, Jerome L and O'Brien, Edward J},
  journal={Discourse processes},
  volume={26},
  number={2-3},
  pages={131--157},
  year={1998},
  publisher={Taylor \& Francis}
}

@article{jamieson2018instance,
  title={An instance theory of semantic memory},
  author={Jamieson, Randall K and Avery, Johnathan E and Johns, Brendan T and Jones, Michael N},
  journal={Computational Brain \& Behavior},
  volume={1},
  number={2},
  pages={119--136},
  year={2018},
  publisher={Springer}
}

@article{trabasso1985causal,
  title={Causal relatedness and importance of story events},
  author={Trabasso, Tom and Sperry, Linda L},
  journal={Journal of Memory and language},
  volume={24},
  number={5},
  pages={595--611},
  year={1985},
  publisher={Elsevier}
}

@incollection{rumelhart1975notes,
  title={Notes on a schema for stories},
  author={Rumelhart, David E},
  booktitle={Representation and understanding},
  pages={211--236},
  year={1975},
  publisher={Elsevier}
}

@article{zwaan1998situation,
  title={Situation models in language comprehension and memory.},
  author={Zwaan, Rolf A and Radvansky, Gabriel A},
  journal={Psychological bulletin},
  volume={123},
  number={2},
  pages={162},
  year={1998},
  publisher={American Psychological Association}
}

@article{thorndyke1977cognitive,
  title={Cognitive structures in comprehension and memory of narrative discourse},
  author={Thorndyke, Perry W},
  journal={Cognitive psychology},
  volume={9},
  number={1},
  pages={77--110},
  year={1977},
  publisher={Elsevier}
}

@article{dopkins1993accessibility,
  title={Accessibility of information about goals during the processing of narrative texts.},
  author={Dopkins, Stephen and Klin, Celia and Myers, Jerome L},
  journal={Journal of Experimental Psychology: Learning, Memory, and Cognition},
  volume={19},
  number={1},
  pages={70},
  year={1993},
  publisher={American Psychological Association}
}

@article{baggett1979structurally,
  title={Structurally equivalent stories in movie and text and the effect of the medium on recall},
  author={Baggett, Patricia},
  journal={Journal of Verbal Learning and Verbal Behavior},
  volume={18},
  number={3},
  pages={333--356},
  year={1979},
  publisher={Elsevier}
}

@book{kahana2012foundations,
  title={Foundations of human memory},
  author={Kahana, Michael Jacob},
  year={2012},
  publisher={OUP USA}
}

@article{hintzman2010does,
  title={How does repetition affect memory? Evidence from judgments of recency},
  author={Hintzman, Douglas L},
  journal={Memory \& cognition},
  volume={38},
  number={1},
  pages={102--115},
  year={2010},
  publisher={Springer}
}

@article{johns2012perceptual,
  title={Perceptual inference through global lexical similarity},
  author={Johns, Brendan T and Jones, Michael N},
  journal={Topics in Cognitive Science},
  volume={4},
  number={1},
  pages={103--120},
  year={2012},
  publisher={Wiley Online Library}
}

@article{morton2016predictive,
  title={A predictive framework for evaluating models of semantic organization in free recall},
  author={Morton, Neal W and Polyn, Sean M},
  journal={Journal of memory and language},
  volume={86},
  pages={119--140},
  year={2016},
  publisher={Elsevier}
}

@techreport{wachter2019retrieved,
  title={A retrieved-context theory of financial decisions},
  author={Wachter, Jessica A and Kahana, Michael Jacob},
  year={2019},
  institution={National Bureau of Economic Research}
}

@article{hintzman1986schema,
  title={" Schema abstraction" in a multiple-trace memory model.},
  author={Hintzman, Douglas L},
  journal={Psychological review},
  volume={93},
  number={4},
  pages={411},
  year={1986},
  publisher={American Psychological Association}
}

@article{hintzman1988judgments,
  title={Judgments of frequency and recognition memory in a multiple-trace memory model.},
  author={Hintzman, Douglas L},
  journal={Psychological review},
  volume={95},
  number={4},
  pages={528},
  year={1988},
  publisher={American Psychological Association}
}

@article{logan2021serial,
  title={Serial order in perception, memory, and action.},
  author={Logan, Gordon D},
  journal={Psychological Review},
  volume={128},
  number={1},
  pages={1},
  year={2021},
  publisher={American Psychological Association}
}

@article{ketz2013theta,
  title={Theta coordinated error-driven learning in the hippocampus},
  author={Ketz, Nicholas and Morkonda, Srinimisha G and O'Reilly, Randall C},
  journal={PLoS computational biology},
  volume={9},
  number={6},
  pages={e1003067},
  year={2013},
  publisher={Public Library of Science San Francisco, USA}
}

@article{schapiro2017complementary,
  title={Complementary learning systems within the hippocampus: a neural network modelling approach to reconciling episodic memory with statistical learning},
  author={Schapiro, Anna C and Turk-Browne, Nicholas B and Botvinick, Matthew M and Norman, Kenneth A},
  journal={Philosophical Transactions of the Royal Society B: Biological Sciences},
  volume={372},
  number={1711},
  pages={20160049},
  year={2017},
  publisher={The Royal Society}
}

@article{healey2016four,
  title={A four-component model of age-related memory change.},
  author={Healey, M Karl and Kahana, Michael J},
  journal={Psychological Review},
  volume={123},
  number={1},
  pages={23},
  year={2016},
  publisher={American Psychological Association}
}

@article{schwartz2005shadows,
  title={Shadows of the past: Temporal retrieval effects in recognition memory},
  author={Schwartz, Greg and Howard, Marc W and Jing, Bing and Kahana, Michael J},
  journal={Psychological Science},
  volume={16},
  number={11},
  pages={898--904},
  year={2005},
  publisher={SAGE Publications Sage CA: Los Angeles, CA}
}

@article{newell1973you,
  title={You can't play 20 questions with nature and win: Projective comments on the papers of this symposium},
  author={Newell, Allen},
  year={1973}
}

@article{hintzman1971repetition,
  title={Repetition and memory: Evidence for a multiple-trace hypothesis.},
  author={Hintzman, Douglas L and Block, Richard A},
  journal={Journal of Experimental Psychology},
  volume={88},
  number={3},
  pages={297},
  year={1971},
  publisher={American Psychological Association}
}

@article{murdock1962serial,
  title={The serial position effect of free recall.},
  author={Murdock Jr, Bennet B},
  journal={Journal of experimental psychology},
  volume={64},
  number={5},
  pages={482},
  year={1962},
  publisher={American Psychological Association}
}

@article{glenberg1987mental,
  title={Mental models contribute to foregrounding during text comprehension},
  author={Glenberg, Arthur M and Meyer, Marion and Lindem, Karen},
  journal={Journal of memory and language},
  volume={26},
  number={1},
  pages={69--83},
  year={1987},
  publisher={Elsevier}
}

@article{gernsbacher1997two,
  title={Two decades of structure building},
  author={Gernsbacher, Morton Ann},
  journal={Discourse processes},
  volume={23},
  number={3},
  pages={265--304},
  year={1997},
  publisher={Taylor \& Francis}
}

@article{black1980story,
  title={Story understanding as problem-solving},
  author={Black, John B and Bower, Gordon H},
  journal={Poetics},
  volume={9},
  number={1-3},
  pages={223--250},
  year={1980},
  publisher={Elsevier}
}

@article{bower1976experiments,
  title={Experiments on story understanding and recall},
  author={Bower, Gordon H},
  journal={The Quarterly Journal of Experimental Psychology},
  volume={28},
  number={4},
  pages={511--534},
  year={1976},
  publisher={Taylor \& Francis}
}

@article{bower1990mental,
  title={Mental models in narrative comprehension},
  author={Bower, Gordon H and Morrow, Daniel G},
  journal={Science},
  volume={247},
  number={4938},
  pages={44--48},
  year={1990},
  publisher={American Association for the Advancement of Science}
}

@article{metcalfe1992composite,
  title={Composite memories},
  author={Metcalfe, J},
  journal={Relating Theory and Data: Essays on Human Memory in Honor of Bennet B. Murdock},
  year={1992},
  pages={413--38}
}